<?xml version="1.0" encoding="UTF-8"?><record xmlns="http://www.loc.gov/MARC21/slim" xmlns:cinclude="http://apache.org/cocoon/include/1.0" xmlns:zs="http://www.loc.gov/zing/srw/">
  <leader>00396nz  a2200121n  4500</leader>
  <controlfield tag="001">n  85320046 </controlfield>
  <controlfield tag="003">DLC</controlfield>
  <controlfield tag="005">19861115065416.6</controlfield>
  <controlfield tag="008">860926n| acannaab|          |n aaa |||  </controlfield>
  <datafield tag="010" ind1=" " ind2=" ">
    <subfield code="a">n  85320046 </subfield>
  </datafield>
  <datafield tag="040" ind1=" " ind2=" ">
    <subfield code="a">DLC</subfield>
    <subfield code="c">DLC</subfield>
  </datafield>
  <datafield tag="100" ind1="1" ind2="0">
    <subfield code="a">Peter, Stephen B.</subfield>
    <subfield code="q">(Stephen Baird),</subfield>
    <subfield code="d">1943-</subfield>
  </datafield>
  <datafield tag="670" ind1=" " ind2=" ">
    <subfield code="a">His The story of the Peter family in America, 1986:</subfield>
    <subfield code="b">t.p. (Stephen B. Peter) p. 125 (Stephen Baird Peter; b. 8/29/43)</subfield>
  </datafield>
</record>